<?xml version="1.0" encoding="UTF-8"?><collection xmlns="http://www.loc.gov/MARC21/slim"><record><leader>00518nam--2200181-i-4500</leader><controlfield tag="001">000019014</controlfield><controlfield tag="002">20161230</controlfield><controlfield tag="005">20161230201033</controlfield><controlfield tag="008">060222s1000------------r-----000-0-rum-d</controlfield><datafield ind1=" " ind2=" " tag="040"><subfield code="a">IFIN-HH</subfield></datafield><datafield ind1=" " ind2=" " tag="041"><subfield code="a">rum</subfield></datafield><datafield ind1=" " ind2=" " tag="080"><subfield code="a">061.3:519</subfield></datafield><datafield ind1="1" ind2=" " tag="110"><subfield code="a">Directia Centrala De Statistica</subfield></datafield><datafield ind1="1" ind2="0" tag="245"><subfield code="a">A vi-a consfatuire stiintifica, 24-27 ianuarie 1968</subfield><subfield code="b">(rezumatele comunicarilor)</subfield></datafield><datafield ind1=" " ind2=" " tag="260"><subfield code="a">Bucuresti</subfield><subfield code="b">Directia Centrala De Statistica</subfield><subfield code="c">1968</subfield></datafield><datafield ind1=" " ind2=" " tag="300"><subfield code="a">193 P</subfield></datafield><datafield ind1=" " ind2=" " tag="852"><subfield code="a">28455</subfield><subfield code="c">519.24</subfield></datafield><datafield ind1=" " ind2=" " tag="CAT"><subfield code="a">Sys</subfield><subfield code="c">20130805</subfield><subfield code="h">103304</subfield></datafield></record></collection>